<?xml version="1.0" encoding="UTF-8"?><collection xmlns="http://www.loc.gov/MARC21/slim"><record><leader>00420nam--2200109-i-4500</leader><controlfield tag="001">000010363</controlfield><controlfield tag="002">20161230</controlfield><controlfield tag="005">20161230201028</controlfield><controlfield tag="008">060222s1000------------r-----000-0-eng-d</controlfield><datafield ind1=" " ind2=" " tag="245"><subfield code="a">Techiques of metals research. vol.7, part.1: techniques involving extreme en vironment, nondestructive techniques, computer methods in metals research and data analysis</subfield></datafield><datafield ind1=" " ind2=" " tag="260"><subfield code="a">New York, Interscience Publishers, 1972</subfield></datafield><datafield ind1=" " ind2=" " tag="700"><subfield code="a">Bunshah, R. F</subfield></datafield></record></collection>